@inproceedings{francisco-UEFS-2025,
  title={Um Ambiente Científico para a Análise da Qualidade de Código},
  author={Pereira, Francisco Tito Silva Santos and Bittencourt, Roberto Almeida and Oliveira, Elaine H. T. and Fernandes, David},
  year={2025},
  booktitle={Anais do V Simpósio Brasileiro de Educação em Computação (EDUCOMP 2025)},
  publisher={Sociedade Brasileira de Computação (SBC)}
}


@book{referenciaisSBC2017,
  author    = {Avelino Francisco Zorzo and Daltro Nunes and Ellen Francine Matos and Igor Steinmacher and Jos{\'e} Leite and Rafael Marques Araujo and Ricardo Correia and Simone Martins},
  title     = {Referenciais de Forma{\c{c}}{\~a}o para os Cursos de Gradua{\c{c}}{\~a}o em Computa{\c{c}}{\~a}o},
  publisher = {Sociedade Brasileira de Computa{\c{c}}{\~a}o (SBC)},
  year      = {2017},
  pages     = {153}
}

@article{pasquali2003,
  title={Fundamentos da teoria da resposta ao item: {TRI}},
  author={Pasquali, Luiz and Primi, Ricardo},
  journal={Avaliação Psicológica: Interamerican Journal of Psychological Assessment},
  volume={2},
  number={2},
  pages={99--110},
  year={2003},
  publisher={Instituto Brasileiro de Avalia{\c{c}}{\~a}o Psicol{\'o}gica (IBAP)}
}

@incollection{Liz2020,
  author       = {Ana Liz and O. Araújo Souto and Jucelio S. Santos and Monilly Ramos and A. Melo},
  title        = {Capítulo 8 -- Teoria de Resposta ao Item},
  booktitle    = {Metodologia de Pesquisa Científica em Informática na Educação: Abordagem Quantitativa},
  pages        = {29},
  publisher    = {CEIE},
  year         = {2020},
  isbn         = {978-85-7669-494-6},
  url          = {https://ceie.sbc.org.br/metodologia/index.php/livro-2/}
}


@article{Wasik2018,
author = {Wasik, Szymon and Antczak, Maciej and Badura, Jan and Laskowski, Artur and Sternal, Tomasz},
title = {A Survey on Online Judge Systems and Their Applications},
year = {2018},
issue_date = {January 2019},
publisher = {Association for Computing Machinery},
address = {New York, NY, USA},
volume = {51},
number = {1},
issn = {0360-0300},
url = {https://doi.org/10.1145/3143560},
doi = {10.1145/3143560},
journal = {ACM Comput. Surv.},
month = jan,
articleno = {3},
numpages = {34}
}

@article{pelanek2022complexity,
  title = {Complexity and Difficulty of Items in Learning Systems},
  author = {Pelanek, Radek and Effenberger, Tomas and Cechak, Jaroslav},
  journal = {International Journal of Artificial Intelligence in Education},
  volume = {32},
  number = {1},
  pages = {196--232},
  year = {2022},
  publisher = {Springer}
}


@inproceedings{santos2019,
  title = {Classificação de Dificuldade de Questões de Programação com Base na Inteligibilidade do Enunciado},
  author = {Santos, Pedro and Carvalho, Leandro Silva Galvão and Oliveira, Elaine and Fernandes, David},
  booktitle = {Brazilian Symposium on Computers in Education (Simpósio Brasileiro de Informática na Educação-SBIE)},
  volume = {30},
  pages = {1886--1895},
  year = {2019}
}


@article{marcos2021,
  title = {Uso de Atributos de Código para Classificar a Dificuldade de Questões de Programação em Juízes Online},
  author = {Lima, Marcos AP and Carvalho, Leandro SG and Oliveira, Elaine HT and Oliveira, David BF and Pereira, Filipe D},
  journal = {Revista Brasileira de Informática na Educação},
  volume = {29},
  pages = {1137--1157},
  year = {2021}
}

@inproceedings{jackson2023,
 author = {Jackson Fernandes and Leandro Carvalho and David Oliveira and Elaine Oliveira and Filipe Pereira and Tanara Lauschner},
 title = {Correlação Entre Complexidade e Dificuldade de Questões de Programação em Juízes Online},
 booktitle = {Anais do III Simpósio Brasileiro de Educação em Computação},
 location = {Evento Online},
 year = {2023},
 issn = {0000-0000},
 pages = {97--107},
 publisher = {SBC},
 address = {Porto Alegre, RS, Brasil},
 doi = {10.5753/educomp.2023.228217},
 url = {https://sol.sbc.org.br/index.php/educomp/article/view/23879}
}

@inproceedings{elrik2022,
  title = {Previsão de Indicadores de Dificuldade de Questões de Programação a Partir de Métricas do Código de Solução},
  author = {Silva, Elrik Souza and Carvalho, Leandro SG and Oliveira, David BF and Oliveira, Elaine HT and Lauschner, Tanara and Lima, Marcos AP and Pereira, Filipe Dwan},
  booktitle = {Anais do XXXIII Simpósio Brasileiro de Informática na Educação},
  pages = {859--870},
  year = {2022},
  publisher = {Sociedade Brasileira de Computação (SBC)}
}

@techreport{enade2021,
  author       = "{{INEP}}",
  title        = "{Relatório Síntese de Área - Ciência da Computação (Bacharelado/Licenciatura)}",
  year         = 2021,
  institution  = "Instituto Nacional de Estudos e Pesquisas Educacionais Anísio Teixeira",
  address      = "Brasília, Brasil",
  url          = "https://download.inep.gov.br/educacao_superior/enade/relatorio_sintese/2021/Enade_2021_Relatorios_Sintese_Area_Ciencia_Computacao.pdf",
}

@inproceedings{hegde2022,
  author={Hegde, Vinayak and Shushruth, S},
  booktitle={2022 IEEE International Conference on Data Science and Information System (ICDSIS)}, 
  title={Evaluation of Student’s Performance in Programming Using Item Response Theory}, 
  year={2022},
  volume={},
  number={},
  pages={1--5},
  doi={10.1109/ICDSIS55133.2022.9915978}}

@inproceedings{santos2020,
  author={Santos, Jucelio S. and Andrade, Wilkerson L. and Brunet, João and Ramos Araujo Melo, Monilly},
  booktitle={2020 IEEE Frontiers in Education Conference (FIE)}, 
  title={Applying Item Response Theory to Evaluate Instruments of Introductory Programming Skills Measurement}, 
  year={2020},
  volume={},
  number={},
  pages={1--9},
  keywords={Instruments;Writing;Semantics;Syntactics;Reliability;Programming profession;Particle measurements},
  doi={10.1109/FIE44824.2020.9273927}}

@article{fayyad1996,
  title={{The KDD Process for Extracting Useful Knowledge from Volumes of Data}},
  author={Fayyad, Usama and Piatetsky-Shapiro, Gregory and Smyth, Padhraic},
  journal={Communications of the ACM},
  volume={39},
  number={11},
  pages={27--34},
  year={1996},
  publisher={ACM}
}

@article{zhao2018,
author = {Zhao, Wayne Xin and Zhang, Wenhui and He, Yulan and Xie, Xing and Wen, Ji-Rong},
title = {Automatically Learning Topics and Difficulty Levels of Problems in Online Judge Systems},
year = {2018},
issue_date = {July 2018},
publisher = {Association for Computing Machinery},
address = {New York, NY, USA},
volume = {36},
number = {3},
issn = {1046-8188},
url = {https://doi.org/10.1145/3158670},
doi = {10.1145/3158670},
journal = {ACM Trans. Inf. Syst.},
month = mar,
articleno = {27},
numpages = {33}
}

@article{wang2024,
      title={Estimating Difficulty Levels of Programming Problems with Pre-trained Model}, 
      author={Zhiyuan Wang and Wei Zhang and Jun Wang},
      year={2024},
      eprint={2406.08828},
      archivePrefix={arXiv},
      primaryClass={cs.SE},
    journal={arXiv preprint arXiv:2406.08828},
    url={https://arxiv.org/abs/2406.08828}
}

@inproceedings{watanobe2018,
author = {Intisar, Chowdhury and Watanobe, Yutaka},
title = {Cluster Analysis to Estimate the Difficulty of Programming Problems},
year = {2018},
isbn = {9781450365161},
publisher = {Association for Computing Machinery},
address = {New York, NY, USA},
url = {https://doi.org/10.1145/3274856.3274862},
doi = {10.1145/3274856.3274862},
booktitle = {Proceedings of the 3rd International Conference on Applications in Information Technology},
pages = {23--28},
numpages = {6},
location = {Aizu-Wakamatsu, Japan},
series = {ICAIT'2018}
}

@inproceedings{barbosa2023,
  title={{Juízes Online são suficientes ou precisamos de um VAR?}},
  author={Barbosa, Alexandre A. and Costa, Evandro Barros and Brito, Patrick Henrique},
  booktitle={Anais do Simpósio Brasileiro de Educação em Computação (EDUCOMP)},
  pages={386--394},
  year={2023},
  organization={Sociedade Brasileira de Computação (SBC)}
}

@inproceedings{whalley2014,
  title={How difficult are novice code writing tasks?: A software metrics approach},
  author={Whalley, Jacqueline and Kasto, Nadia},
  booktitle={Proceedings of the Sixteenth Australasian Computing Education Conference},
  volume = {148},
  pages={105--112},
  year={2014},
  organization={Australian Computer Society, Inc.}
}

@article{zaffalon2019,
  title = {{ELO e TRI: Estimando a Habilidade dos Estudantes em uma Plataforma Online de Programação}},
  author={Zaffalon, Fabiana and Prisco, André and Souza, Ricardo and Santos, Rafael and Tonin, Neilor and Bez, Jean Luca and Botelho, Silvia},
  journal={Revista Novas Tecnologias na Educação (RENOTE)},
  volume={17},
  number={1},
  pages={11--20},
  year={2019},
  publisher={Universidade Federal do Rio Grande do Sul (UFRGS)}
}
